<?xml version="1.0" encoding="UTF-8"?><collection><record><leader>07975ntm a2200673 a 4500</leader><controlfield tag="001">006836701</controlfield><controlfield tag="003">MiAaHDL</controlfield><controlfield tag="005">20190719000000.0</controlfield><controlfield tag="006">m        d        </controlfield><controlfield tag="007">cr bn ---auaua</controlfield><controlfield tag="008">090708s1807    xx            00| ||per d</controlfield><datafield tag="035" ind1=" " ind2=" "><subfield code="a">(MiU)006836701</subfield></datafield><datafield tag="035" ind1=" " ind2=" "><subfield code="a">sdr-miu006836701</subfield></datafield><datafield tag="040" ind1=" " ind2=" "><subfield code="a">MiU</subfield><subfield code="c">MiU</subfield><subfield code="e">amremm</subfield></datafield><datafield tag="041" ind1="0" ind2=" "><subfield code="a">per</subfield><subfield code="a">ara</subfield></datafield><datafield tag="043" ind1=" " ind2=" "><subfield code="a">n-us-mi</subfield></datafield><datafield tag="100" ind1="1" ind2=" "><subfield code="6">880-01</subfield><subfield code="a">Farāhī, Abū Naṣr Muḥammad Badr al-Dīn.</subfield></datafield><datafield tag="245" ind1="1" ind2="0"><subfield code="6">880-02</subfield><subfield code="a">[Niṣāb al-ṣibyān...etc.,</subfield><subfield code="f">ca. 1222, i.e. 1807].</subfield></datafield><datafield tag="260" ind1=" " ind2=" "><subfield code="c">[ca. 1807].</subfield></datafield><datafield tag="300" ind1=" " ind2=" "><subfield code="a">226 leaves :</subfield><subfield code="b">paper ;</subfield><subfield code="c">153 x 105 (110-120 x 58-90) mm. bound to 155 x 105 mm.</subfield></datafield><datafield tag="500" ind1=" " ind2=" "><subfield code="a">Shelfmark: Ann Arbor, University of Michigan, Special Collections Library, Isl. Ms. 866</subfield></datafield><datafield tag="500" ind1=" " ind2=" "><subfield code="a">Origin: As appears in colophon on fol.38a, first work copied by Bābā [?] Valad Āghā Shihāb. Copying finished Jumādá I 1222 [July-August 1807]. Anthology lacks a formal colophon, though a few dates appear (1206 [1791 or 2], 1211 [1796 or 7] p.241), likely also early 19th century.</subfield></datafield><datafield tag="500" ind1=" " ind2=" "><subfield code="a">Accompanying materials: a. Slip in hand of Meredith-Owens marked "MO 11" describing contents and suggested dating reads "MO 11 Niṣāb al-ṣibyān of Abū Naṣr Farāhī. A rhymed Arabic-Persian vocabulary. Followed by a verse anthology and the Dīvān of Mīrzā Muḥammad Ismāʻīl of Shīrāz. Undated but probably XIXth century" b. Slip reading "Persian MSS (Heyworth-Dunne?) with Meredith-Owens notes" c. Slip reading "counted for 1968/69 Annual Report"</subfield></datafield><datafield tag="500" ind1=" " ind2=" "><subfield code="a">Former shelfmark: Mich. Isl. Ms. temp. no. 15</subfield></datafield><datafield tag="500" ind1=" " ind2=" "><subfield code="a">Binding: Pasteboards (quite spongy) covered in brown (with orange tones) leather ; Type III binding (without flap) ; board linings in black leather ; white and pink threads ; two sewing stations ; endbands in yellow with a chevron pattern ; in poor condition, with much wear, repair on spine ; lower cover has fully detached at spine ; extensive page repairs at beginning of ms. unfortunately obscure text in many places and make transcription of incipit difficult ; quite soiled with dirt, wax, food, and other stains ; housed in box for protection.</subfield></datafield><datafield tag="500" ind1=" " ind2=" "><subfield code="a">Support: European laid paper of several types with watermarks including scrollwork with initials below (p.22, etc.), three hats (top hats) with feathers (p.50, 52, etc.), three hats (tre cappelli, p.198, 284, etc.), and lion passant guardant (p.436, 438, etc.) ; front and back flyleaves (each an inserted single bifolium) in still other European laid paper with no watermarks visible.</subfield></datafield><datafield tag="500" ind1=" " ind2=" "><subfield code="a">Decoration: Textual dividers in the form of red circles (similar to numeral ٥) appear in first work at the end of each line ; first work rubricated with section headings, textual dividers, etc. in red ; anthology partially rubricated with titles, section headings, dedications, etc. in red.</subfield></datafield><datafield tag="500" ind1=" " ind2=" "><subfield code="a">Script: Supplied in two main hands ; first work in Naskh ; large, neatly executed, Persianate or Indian hand ; virtually serifless though occasional left-sloping barbed head-serif on alif of lām alif ligature and occasional final lām ; occasional right-sloping barbed head-serif on bar of kāf mashkūlah ; many closed counters ; line thickness changes though hand appears not to (though opening and a few leaves at the center have slightly different character) ; essentially fully pointed, often with two dots often positioned one above the other rather than beside ; many mistakes in the pointing ; partially vocalized ; often final letters or entire final word of each line is superscript ; anthology is supplied in several hands of a kind of shikāstah nastaʻlīq script ; serifless ; interesting hāʼ mudghamah looking like two inverted commas one atop the other ; sweeping descenders ; free use of ligatures ; words sloping to baseline ; final letters or final word of each line often superscript ; line thickness, size, and hand all change frequently.</subfield></datafield><datafield tag="500" ind1=" " ind2=" "><subfield code="a">Layout: First work written in 9 lines per page ; anthology ruled in two columns with number of lines per page varying widely from 4 to 12 ; frame-ruled (impression of ruling board quite evident).</subfield></datafield><datafield tag="500" ind1=" " ind2=" "><subfield code="a">Collation: ii, V(10), V+2(22), V(32), III(38), IV+1(47), 2 IV(63), 2 I(67), 2 IV(91), IV+2 (101), IV-1(108), IV(116), I(118), I+1(121), IV(129), IV-1(136), 3 IV(160), I(162), IV+1(171), IV(179), I(181), IV(189), VI(201), IV(209), 5 (214), III+2(222), II(226), ii ; catchwords present in first work, but appear irregularly in anthology ; several folia in anthology are left blank or partially blank, indicating division of contents and not missing text ; pagination in pencil, Western numerals (supplied during cataloguing).</subfield></datafield><datafield tag="500" ind1=" " ind2=" "><subfield code="a">Colophon: [Niṣāb al-ṣibyān] "Scribal," triangular, reads: "تمام كتاب نصاب بتاريخ شهر جمادى اول بخط حقير فقير اغا بابا [؟] ولد اغا شهاب سنة ١٢٢٢"</subfield></datafield><datafield tag="500" ind1=" " ind2=" "><subfield code="a">Explicit: [Niṣāb al-ṣibyān] "ناس و انس و اناس ادمیان پدر مادر ادم و حوا"</subfield></datafield><datafield tag="500" ind1=" " ind2=" "><subfield code="a">Incipit: [Niṣāb al-ṣibyān] "الحمد لله رب العالمين [والصلاة] والسلام على خير خلقه محمد ... اما بعد حنين گويد ... ابو نصر فراهي حسد حافده وحفد حاسده ما حركت الشمال لنخل الدقيق ... صبيانرا پيش از تعلم لغت عرب رغبت مى افتد باشعار فارسي ..."</subfield></datafield><datafield tag="500" ind1=" " ind2=" "><subfield code="a">Title supplied by cataloguer.</subfield></datafield><datafield tag="500" ind1=" " ind2=" "><subfield code="a">Ms. composite codex.</subfield></datafield><datafield tag="505" ind1="0" ind2=" "><subfield code="a">3. fol.40b-226b : [Collected works of poetry].</subfield></datafield><datafield tag="505" ind1="0" ind2=" "><subfield code="a">2. fol.39a-40a : [blank].</subfield></datafield><datafield tag="505" ind1="0" ind2=" "><subfield code="a">1. fol.1a-38b : Niṣāb al-ṣibyān / Abū Naṣr Farāhī.</subfield></datafield><datafield tag="510" ind1="4" ind2=" "><subfield code="a">Brockelmann, C. GAL,</subfield><subfield code="c">II 193 ; SII 258</subfield></datafield><datafield tag="520" ind1="8" ind2=" "><subfield code="a">Abū Naṣr al-Farāhī's versified Arabic-Persian vocabulary followed by a collection (majmūʻah) of poetry in Persian, beginning with rubāʻīyāt and including works attributed to Mīrzā Muḥammad Ismāʻīl and Rashīd al-Dīn Vaṭvāṭ, somewhat haphazardly copied toward the end.</subfield></datafield><datafield tag="538" ind1=" " ind2=" "><subfield code="a">Mode of access: Internet.</subfield></datafield><datafield tag="541" ind1=" " ind2=" "><subfield code="a">Likely acquired from the collection of Frank E. Nuttall (1875-1943), former librarian of the John Rylands Library and University of Manitoba (from 1917-1937) known to have collected Persian, Arabic, Turkish and Hindu books and manuscripts, as well as Oriental rugs ; records are sparse but it appears that the acquisition took place prior to 1968.</subfield></datafield><datafield tag="546" ind1=" " ind2=" "><subfield code="a">Persian and Arabic.</subfield></datafield><datafield tag="561" ind1=" " ind2=" "><subfield code="a">Oval seal impression repeated twice on fol.1a (p.1), quite illegible ; rectangular seal impression on fol.20b (p.40), quite illegible ; interior of lower cover, paper label in red and black reads "PROBSTHAIN &amp; CO., Oriental Booksellers, 14, Bury St., Brit. Museum, London, W.C." ; marginal corrections appear throughout ; invocation "يا حفيظ" appears on p.243, 273, and 288.</subfield></datafield><datafield tag="650" ind1=" " ind2="0"><subfield code="a">Manuscripts, Persian</subfield><subfield code="z">Michigan</subfield><subfield code="z">Ann Arbor.</subfield></datafield><datafield tag="650" ind1=" " ind2="0"><subfield code="a">Persian poetry.</subfield></datafield><datafield tag="650" ind1=" " ind2="0"><subfield code="a">Persian language</subfield><subfield code="x">Versification.</subfield></datafield><datafield tag="650" ind1=" " ind2="0"><subfield code="a">Arabic language</subfield><subfield code="v">Glossaries, vocabularies, etc.</subfield></datafield><datafield tag="650" ind1=" " ind2="0"><subfield code="a">Persian language</subfield><subfield code="v">Glossaries, vocabularies, etc.</subfield></datafield><datafield tag="700" ind1="1" ind2=" "><subfield code="a">Nuttall, Frank E.,</subfield><subfield code="d">1875-1943,</subfield><subfield code="e">former owner.</subfield></datafield><datafield tag="700" ind1="0" ind2=" "><subfield code="6">880-05</subfield><subfield code="a">Bābā Valad Āghā Shihāb,</subfield><subfield code="d">fl. early 19th cent.,</subfield><subfield code="e">scribe.</subfield></datafield><datafield tag="700" ind1="1" ind2=" "><subfield code="6">880-04</subfield><subfield code="a">Vaṭvāṭ, Rashīd al-Dīn Muḥammad ibn Muḥammad,</subfield><subfield code="d">approximately 1114-approximately 1182.</subfield></datafield><datafield tag="700" ind1="0" ind2=" "><subfield code="6">880-03</subfield><subfield code="a">Mīrzā Muḥammad Ismāʻīl.</subfield></datafield><datafield tag="773" ind1="0" ind2=" "><subfield code="a">F. E. Nuttall Collection.</subfield></datafield><datafield tag="880" ind1="0" ind2=" "><subfield code="6">700-05/</subfield><subfield code="a">بابا ولد اغا شهاب,</subfield><subfield code="e">ناسخ.</subfield></datafield><datafield tag="880" ind1="1" ind2=" "><subfield code="6">700-04/</subfield><subfield code="a">وطواط, رشيد الدين محمد بن محمد.</subfield></datafield><datafield tag="880" ind1="0" ind2=" "><subfield code="6">700-03/</subfield><subfield code="a">ميرزا محمد اسماعيل.</subfield></datafield><datafield tag="880" ind1="1" ind2="0"><subfield code="6">245-02/</subfield><subfield code="a">[نصاب الصبيان ... الخ،</subfield><subfield code="f">ح. 1222ه، 1807م].</subfield></datafield><datafield tag="880" ind1="1" ind2=" "><subfield code="6">100-01/</subfield><subfield code="a">فراهي، ابو نصر محمد بدر الدين.</subfield></datafield><datafield tag="CID" ind1=" " ind2=" "><subfield code="a">006836701</subfield></datafield><datafield tag="DAT" ind1="0" ind2=" "><subfield code="a">20190719102641.0</subfield><subfield code="b">20190719000000.0</subfield></datafield><datafield tag="DAT" ind1="1" ind2=" "><subfield code="a">20190719090653.0</subfield><subfield code="b">2019-07-19T16:10:54Z</subfield></datafield><datafield tag="DAT" ind1="2" ind2=" "><subfield code="a">2015-10-10T18:00:06Z</subfield></datafield><datafield tag="CAT" ind1=" " ind2=" "><subfield code="a">SDR-MIU</subfield><subfield code="d">EX LIBRIS - ALEPH</subfield><subfield code="l">prepare.pl-004-008</subfield></datafield><datafield tag="FMT" ind1=" " ind2=" "><subfield code="a">BK</subfield></datafield><datafield tag="HOL" ind1=" " ind2=" "><subfield code="0">sdr-miu006836701</subfield><subfield code="a">MiU</subfield><subfield code="b">SDR</subfield><subfield code="c">MIU</subfield><subfield code="p">mdp.39015079132430</subfield><subfield code="s">MIU</subfield><subfield code="1">006836701</subfield></datafield><datafield tag="974" ind1=" " ind2=" "><subfield code="b">MIU</subfield><subfield code="c">MIU</subfield><subfield code="d">20190719</subfield><subfield code="s">lit-dlps-dc</subfield><subfield code="u">mdp.39015079132430</subfield><subfield code="y">1807</subfield><subfield code="r">pd</subfield><subfield code="q">bib</subfield><subfield code="t">non-US bib date1 &lt; 1896</subfield></datafield></record></collection>